%YAML 1.1
%TAG !u! tag:unity3d.com,2011:
--- !u!95 &3600484318111041573
Animator:
  serializedVersion: 3
  m_ObjectHideFlags: 0
  m_CorrespondingSourceObject: {fileID: 0}
  m_PrefabInstance: {fileID: 0}
  m_PrefabAsset: {fileID: 0}
  m_GameObject: {fileID: 317561877191125271}
  m_Enabled: 1
  m_Avatar: {fileID: 0}
  m_Controller: {fileID: 9100000, guid: 64fced8845adb4539af05a7bc749144a, type: 2}
  m_CullingMode: 0
  m_UpdateMode: 0
  m_ApplyRootMotion: 0
  m_LinearVelocityBlending: 0
  m_WarningMessage: 
  m_HasTransformHierarchy: 1
  m_AllowConstantClipSamplingOptimization: 1
  m_KeepAnimatorControllerStateOnDisable: 0
--- !u!114 &4752448137079465567
MonoBehaviour:
  m_ObjectHideFlags: 0
  m_CorrespondingSourceObject: {fileID: 0}
  m_PrefabInstance: {fileID: 0}
  m_PrefabAsset: {fileID: 0}
  m_GameObject: {fileID: 317561877191125271}
  m_Enabled: 1
  m_EditorHideFlags: 0
  m_Script: {fileID: 11500000, guid: 5753bee97de734787b7172438eeba8a2, type: 3}
  m_Name: 
  m_EditorClassIdentifier: 
--- !u!1 &2801929769295086101
GameObject:
  m_ObjectHideFlags: 0
  m_CorrespondingSourceObject: {fileID: 0}
  m_PrefabInstance: {fileID: 0}
  m_PrefabAsset: {fileID: 0}
  serializedVersion: 6
  m_Component:
  - component: {fileID: 777512635990845963}
  m_Layer: 0
  m_Name: CollectableGood
  m_TagString: Untagged
  m_Icon: {fileID: 0}
  m_NavMeshLayer: 0
  m_StaticEditorFlags: 0
  m_IsActive: 1
--- !u!4 &777512635990845963
Transform:
  m_ObjectHideFlags: 0
  m_CorrespondingSourceObject: {fileID: 0}
  m_PrefabInstance: {fileID: 0}
  m_PrefabAsset: {fileID: 0}
  m_GameObject: {fileID: 2801929769295086101}
  m_LocalRotation: {x: 0, y: 0, z: 0, w: 1}
  m_LocalPosition: {x: 0, y: 0, z: 0}
  m_LocalScale: {x: 1, y: 1, z: 1}
  m_Children:
  - {fileID: 8908538629223982058}
  - {fileID: 1090966725356073901}
  m_Father: {fileID: 0}
  m_RootOrder: 0
  m_LocalEulerAnglesHint: {x: 0, y: 0, z: 0}
--- !u!1001 &624132319290315846
PrefabInstance:
  m_ObjectHideFlags: 0
  serializedVersion: 2
  m_Modification:
    m_TransformParent: {fileID: 777512635990845963}
    m_Modifications:
    - target: {fileID: -8679921383154817045, guid: 6188082d04c174dd2b6380760b7eb2f4, type: 3}
      propertyPath: m_RootOrder
      value: 1
      objectReference: {fileID: 0}
    - target: {fileID: -8679921383154817045, guid: 6188082d04c174dd2b6380760b7eb2f4, type: 3}
      propertyPath: m_LocalPosition.x
      value: -0
      objectReference: {fileID: 0}
    - target: {fileID: -8679921383154817045, guid: 6188082d04c174dd2b6380760b7eb2f4, type: 3}
      propertyPath: m_LocalPosition.y
      value: 0
      objectReference: {fileID: 0}
    - target: {fileID: -8679921383154817045, guid: 6188082d04c174dd2b6380760b7eb2f4, type: 3}
      propertyPath: m_LocalPosition.z
      value: 0
      objectReference: {fileID: 0}
    - target: {fileID: -8679921383154817045, guid: 6188082d04c174dd2b6380760b7eb2f4, type: 3}
      propertyPath: m_LocalRotation.w
      value: 1
      objectReference: {fileID: 0}
    - target: {fileID: -8679921383154817045, guid: 6188082d04c174dd2b6380760b7eb2f4, type: 3}
      propertyPath: m_LocalRotation.x
      value: 0
      objectReference: {fileID: 0}
    - target: {fileID: -8679921383154817045, guid: 6188082d04c174dd2b6380760b7eb2f4, type: 3}
      propertyPath: m_LocalRotation.y
      value: -0
      objectReference: {fileID: 0}
    - target: {fileID: -8679921383154817045, guid: 6188082d04c174dd2b6380760b7eb2f4, type: 3}
      propertyPath: m_LocalRotation.z
      value: -0
      objectReference: {fileID: 0}
    - target: {fileID: -8679921383154817045, guid: 6188082d04c174dd2b6380760b7eb2f4, type: 3}
      propertyPath: m_LocalEulerAnglesHint.x
      value: 0
      objectReference: {fileID: 0}
    - target: {fileID: -8679921383154817045, guid: 6188082d04c174dd2b6380760b7eb2f4, type: 3}
      propertyPath: m_LocalEulerAnglesHint.y
      value: 0
      objectReference: {fileID: 0}
    - target: {fileID: -8679921383154817045, guid: 6188082d04c174dd2b6380760b7eb2f4, type: 3}
      propertyPath: m_LocalEulerAnglesHint.z
      value: 0
      objectReference: {fileID: 0}
    - target: {fileID: -3887185075125053422, guid: 6188082d04c174dd2b6380760b7eb2f4, type: 3}
      propertyPath: m_DirtyAABB
      value: 0
      objectReference: {fileID: 0}
    - target: {fileID: -3887185075125053422, guid: 6188082d04c174dd2b6380760b7eb2f4, type: 3}
      propertyPath: m_AABB.m_Center.y
      value: 0.00031477213
      objectReference: {fileID: 0}
    - target: {fileID: -3887185075125053422, guid: 6188082d04c174dd2b6380760b7eb2f4, type: 3}
      propertyPath: m_AABB.m_Center.z
      value: 0.06251389
      objectReference: {fileID: 0}
    - target: {fileID: -3887185075125053422, guid: 6188082d04c174dd2b6380760b7eb2f4, type: 3}
      propertyPath: m_AABB.m_Extent.x
      value: 1.2872936
      objectReference: {fileID: 0}
    - target: {fileID: -3887185075125053422, guid: 6188082d04c174dd2b6380760b7eb2f4, type: 3}
      propertyPath: m_AABB.m_Extent.y
      value: 1.0203147
      objectReference: {fileID: 0}
    - target: {fileID: -3887185075125053422, guid: 6188082d04c174dd2b6380760b7eb2f4, type: 3}
      propertyPath: m_AABB.m_Extent.z
      value: 1.4604452
      objectReference: {fileID: 0}
    - target: {fileID: -3887185075125053422, guid: 6188082d04c174dd2b6380760b7eb2f4, type: 3}
      propertyPath: m_Materials.Array.data[0]
      value: 
      objectReference: {fileID: 2100000, guid: abf0228f358a841cf862dc02395d46a6, type: 2}
    - target: {fileID: 919132149155446097, guid: 6188082d04c174dd2b6380760b7eb2f4, type: 3}
      propertyPath: m_Name
      value: CollectableGoodAnimated
      objectReference: {fileID: 0}
    m_RemovedComponents: []
  m_SourcePrefab: {fileID: 100100000, guid: 6188082d04c174dd2b6380760b7eb2f4, type: 3}
--- !u!1 &317561877191125271 stripped
GameObject:
  m_CorrespondingSourceObject: {fileID: 919132149155446097, guid: 6188082d04c174dd2b6380760b7eb2f4, type: 3}
  m_PrefabInstance: {fileID: 624132319290315846}
  m_PrefabAsset: {fileID: 0}
--- !u!4 &1090966725356073901 stripped
Transform:
  m_CorrespondingSourceObject: {fileID: -8679921383154817045, guid: 6188082d04c174dd2b6380760b7eb2f4, type: 3}
  m_PrefabInstance: {fileID: 624132319290315846}
  m_PrefabAsset: {fileID: 0}
--- !u!1001 &8947462592314524673
PrefabInstance:
  m_ObjectHideFlags: 0
  serializedVersion: 2
  m_Modification:
    m_TransformParent: {fileID: 777512635990845963}
    m_Modifications:
    - target: {fileID: -8679921383154817045, guid: 296ce10e942d24ba5902447b1e96bdf8, type: 3}
      propertyPath: m_RootOrder
      value: 0
      objectReference: {fileID: 0}
    - target: {fileID: -8679921383154817045, guid: 296ce10e942d24ba5902447b1e96bdf8, type: 3}
      propertyPath: m_LocalScale.x
      value: 1
      objectReference: {fileID: 0}
    - target: {fileID: -8679921383154817045, guid: 296ce10e942d24ba5902447b1e96bdf8, type: 3}
      propertyPath: m_LocalScale.y
      value: 1
      objectReference: {fileID: 0}
    - target: {fileID: -8679921383154817045, guid: 296ce10e942d24ba5902447b1e96bdf8, type: 3}
      propertyPath: m_LocalScale.z
      value: 1
      objectReference: {fileID: 0}
    - target: {fileID: -8679921383154817045, guid: 296ce10e942d24ba5902447b1e96bdf8, type: 3}
      propertyPath: m_LocalPosition.x
      value: 0
      objectReference: {fileID: 0}
    - target: {fileID: -8679921383154817045, guid: 296ce10e942d24ba5902447b1e96bdf8, type: 3}
      propertyPath: m_LocalPosition.y
      value: 0
      objectReference: {fileID: 0}
    - target: {fileID: -8679921383154817045, guid: 296ce10e942d24ba5902447b1e96bdf8, type: 3}
      propertyPath: m_LocalPosition.z
      value: 0
      objectReference: {fileID: 0}
    - target: {fileID: -8679921383154817045, guid: 296ce10e942d24ba5902447b1e96bdf8, type: 3}
      propertyPath: m_LocalRotation.w
      value: 1
      objectReference: {fileID: 0}
    - target: {fileID: -8679921383154817045, guid: 296ce10e942d24ba5902447b1e96bdf8, type: 3}
      propertyPath: m_LocalRotation.x
      value: -0
      objectReference: {fileID: 0}
    - target: {fileID: -8679921383154817045, guid: 296ce10e942d24ba5902447b1e96bdf8, type: 3}
      propertyPath: m_LocalRotation.y
      value: -0
      objectReference: {fileID: 0}
    - target: {fileID: -8679921383154817045, guid: 296ce10e942d24ba5902447b1e96bdf8, type: 3}
      propertyPath: m_LocalRotation.z
      value: -0
      objectReference: {fileID: 0}
    - target: {fileID: -8679921383154817045, guid: 296ce10e942d24ba5902447b1e96bdf8, type: 3}
      propertyPath: m_LocalEulerAnglesHint.x
      value: 0
      objectReference: {fileID: 0}
    - target: {fileID: -8679921383154817045, guid: 296ce10e942d24ba5902447b1e96bdf8, type: 3}
      propertyPath: m_LocalEulerAnglesHint.y
      value: 0
      objectReference: {fileID: 0}
    - target: {fileID: -8679921383154817045, guid: 296ce10e942d24ba5902447b1e96bdf8, type: 3}
      propertyPath: m_LocalEulerAnglesHint.z
      value: 0
      objectReference: {fileID: 0}
    - target: {fileID: -7511558181221131132, guid: 296ce10e942d24ba5902447b1e96bdf8, type: 3}
      propertyPath: m_Materials.Array.data[0]
      value: 
      objectReference: {fileID: 2100000, guid: abf0228f358a841cf862dc02395d46a6, type: 2}
    - target: {fileID: 919132149155446097, guid: 296ce10e942d24ba5902447b1e96bdf8, type: 3}
      propertyPath: m_Name
      value: CollectableGood (1)
      objectReference: {fileID: 0}
    - target: {fileID: 919132149155446097, guid: 296ce10e942d24ba5902447b1e96bdf8, type: 3}
      propertyPath: m_IsActive
      value: 0
      objectReference: {fileID: 0}
    m_RemovedComponents: []
  m_SourcePrefab: {fileID: 100100000, guid: 296ce10e942d24ba5902447b1e96bdf8, type: 3}
--- !u!4 &8908538629223982058 stripped
Transform:
  m_CorrespondingSourceObject: {fileID: -8679921383154817045, guid: 296ce10e942d24ba5902447b1e96bdf8, type: 3}
  m_PrefabInstance: {fileID: 8947462592314524673}
  m_PrefabAsset: {fileID: 0}
